@book{ref1,
  title={《计算科学导论》（第三版）},
  author={赵致琢},
  year={2005},
  journal={科学出版社}
}
@article{ref2,
  title={计算科学},
  author={百度百科},
  

}
@article{ref3,
  title={《计算科学导论》读书报告},
  author={姜海涛},
  year={2018}
}
@article{ref4,
	author={Jakub Złotowskia,Kumar Yogeeswaranb,Christoph Bartnecka.},
	title={Computer Studies},
	journal={Int. J. Human},
	year={2017}
	page{48-54}
}
@article{ref5,
	author={Yolanda Gil,Mark Greaves,James Hendler,Haym Hirsh.},
	title={Amplify scientific discovery with artificial intelligence},
	journal={ARTIFICIAL INTELLIGENCE},
	year={2015}
	page{171-172}
}